@book{fsry:RMS-essays-2010,
    author = {Stallman, Richard M. and Lessig, Lawrence},
    citeulike-article-id = {12602962},
    citeulike-linkout-0 = {http://scholar.google.it/scholar?cluster=8818832246125875530},
    citeulike-linkout-1 = {http://www.worldcat.org/isbn/1441436200},
    citeulike-linkout-2 = {http://books.google.com/books?vid=ISBN1441436200},
    citeulike-linkout-3 = {http://www.amazon.com/gp/search?keywords=1441436200&index=books&linkCode=qs},
    citeulike-linkout-4 = {http://www.librarything.com/isbn/1441436200},
    citeulike-linkout-5 = {http://www.worldcat.org/oclc/535285627},
    isbn = {1441436200},
    keywords = {digital-society, epistemology, free-scientific-knowledge, free-software, knowledge-freedom, science-ethics, science-policy-interface},
    posted-date = {2016-02-19 11:23:43},
    priority = {0},
    publisher = {SoHo Books},
    title = {Free software, free society: selected essays of {Richard M. Stallman}},
    year = {2010}
}

@online{fsry:perens-open-source-2017,
 author = {Bruce Perens},
 month = {9},
 title = {On Usage of The Phrase "Open Source"},
 url = {https://perens.com/2017/09/26/on-usage-of-the-phrase-open-source/},
 urldate = {2019-04-14},
 year = {2017}
}

@online{fsry:dmca-wiki,
  author = {Wikipedia},
  title = {{Digital Millennium Copyright Act}},
  url = {https://en.wikipedia.org/wiki/Digital_Millennium_Copyright_Act},
  urldate = {2019-01-11}
}

@online{fsry:dmca-overview,
  author = {U.S. Copyright Office},
  title = {The Digital Millenium Copyright Act of 1998 -- U.S. Copyright Office Summary},
  year = 1998,
  month= {12}
}

@online{fsry:gnu-copyleft,
  title = {What is Copyleft?},
  author = {Free Software Foundation},
  url = {https://www.gnu.org/licenses/copyleft.html},
  urldate = {2019-01-11}
}

@inproceedings{fsry:digirightmana,
  title={Intellectual Property and Licensing Strategies in Open Collaborative Innovation},
  author={Borger, Marcel and Bekker, Rudy and Granstrand, Ove},
  booktitle={Digital Rights Management: Concepts, Methodologies, Tools, and Applications},
  pages={1204-1216},
  year={2012},
  organization={Information Science Reference}
}

@online{fsry:civiccommons,
  author = {Civic Commons},
  title = {Contributor Agreements},
  url = {http://wiki.civiccommons.org/Contributor_Agreements/},
  urldate = {2019-01-11}
}

@book{fsry:hammouda-2012,
  title={Open Source Systems: Long-Term Sustainability: 8th IFIP WG
                  2.13 International Conference, OSS 2012, Hammamet,
                  Tunisia, September 10-13, 2012, Proceedings},
  author={Hammouda, Imed and Lundell, Bj{\"o}rn and Mikkonen, Tommi
                  and Scacchi, Walt},
  volume={378},
  year={2012},
  publisher={Springer}
}

@book{fsry:brasseur-2018,
 abstract = {{\textquotedbl}Free and open source is the foundation of
                  software development, and it's built by people just
                  like you. Discover the fundamental tenets that drive
                  the movement. Take control of your career by
                  selecting the right project to meet your
                  professional goals. Master the language and avoid
                  the pitfalls that typicallyensnare new
                  contributors. Join a community of like-minded people
                  and change the world. Programmers, writers,
                  designers, and everyone interested in software will
                  make their mark through free and open source
                  software contributions.{\textquotedbl} --},
 author = {Brasseur, Vicky},
 year = {2018},
 title = {Forge your future with open source: Build your skills, build
                  your network, build the future of technology},
 address = {Raleigh, North Carolina},
 publisher = {{The Pragmatic Bookshelf}},
 isbn = {978-1-68050-301-2},
 series = {Pragmatic programmers}
}

@article{fsry:benkler-2002,
    author    = {Benkler, Yochai},
    title     = {Coase's Penguin, or, Linux and The Nature of the Firm},
    publisher = {Yale Law School},
    issue     = {3},
    volume    = {112},
    journal   = {Yale Law Journal},
    year      = {2002},
}

@online{fsry:technopedia-software-stack,
  author    = {Techopedia},
  title = {What does {Software Stack} mean?},
  url = {https://www.techopedia.com/definition/27268/software-stack},
  urldate = {2019-01-11}
}

@online{fsry:wiki-software-stack,
  author = {FreeDictionary},
  title = {Software Stack},
  url = {https://encyclopedia2.thefreedictionary.com/Software+stack},
  urldate = {2019-01-11}
}

@online{fsry:wiki-opencore,
  author = {Wikipedia},
  title = {Open-Core model},
  url = {https://en.wikipedia.org/wiki/Open-core_model},
  urldate = {2019-01-11}
}

@online{fsry:open-hardware,
  author = {Opensource.com},
  title = {What is {Open Hardware?}},
  url = {https://opensource.com/resources/what-open-hardware},
  urldate = {2019-01-11}
}

@book{fsry:ec-sep-2018,
 author = {European Commission},
 day = {29},
 month = {11},
 priority = {2},
 publisher = {Publications Office of the European Union},
 title = {Communication from the Commission to the European Parliament, the Council and the European Economic and Social Committee: Setting out the EU approach to Standard Essential Patents},
 year = {2017}
}

@online{fsry:fsfe-FRAND,
  author = {Free Software Foundation Europe},
  title = {Why is {FRAND} bad for {Free Software?}},
  url = {https://fsfe.org/activities/os/why-frand-is-bad-for-free-software.en.html},
  urldate = {2019-01-11}
}

@unpublished{fsry:varian-1995,
    author = {Varian, Hal R.},
    title = {Pricing Information Goods},
    url = {http://amitre.synthasite.com/resources/varian_Hal_price-info-goods.pdf},
    urldate = {2019-01-11},
    year = {1995}
}

@online{fsry:usc-joint-authorship,
  author = {Free Software Foundation Europe},
  title = {Joint authorship and collective works},
  url = {http://copyright.universityofcalifornia.edu/ownership/joint-works.html},
  urldate = {2019-01-11}
}

@book{fsry:ec-council-2009,
  author={{EC-Council}},
  title={Computer Forensics: Investigating Network Intrusions and Cyber Crime},
  number={Bd. 4},
  isbn={9781435483521},
  lccn={2009933550},
  series={Computer forensics series},
  url={https://books.google.de/books?id=0rVfRwcIPYgC},
  year={2009},
  publisher={Cengage Learning}
}

@article{fsry:gasser-palfrey-2007,
 author = {Gasser, Urs and Palfrey, John},
 citeulike-article-id = {14532805},
 journal = {Berkman Publication Series},
 month = {11},
 posted-date = {2018-02-10 14:57:34},
 priority = {2},
 publisher = {Berkman Center for Internet & Society, Harvard University},
 title = {When and How ICT Interoperability Drives Innovation},
 year = {2007}
}

@online{fsry:oecd-geary-khamis-2007,
author = {OECD},
month = {7},
title = {Geary-Khamis Method},
url = {https://stats.oecd.org/glossary/detail.asp?ID=5528},
urldate = {2019-10-23},
year = {2007}
}

@article{fsry:sensitivity-ppp,
    author    = {Dikhanov, Yuri},
    title     = {Sensitivity of PPP-Based Income Estimates to Choice of Aggregation Procedures},
    publisher = {Development Data Group, International Economics Department, The World Bank, Washington, D.C.},
    pages     = {4},
    year      = {1997},
    url       = {https://siteresources.worldbank.org/ICPINT/Resources/icppapertotal.pdf},
    urldate   = {2019-10-23}
}


